<?xml version="1.0" encoding="UTF-8" ?>
<collection xmlns:xsi="http://www.w3.org/2001/XMLSchema-instance"
    xsi:schemaLocation="http://www.loc.gov/MARC21/slim
        http://www.loc.gov/standards/marcxml/schema/MARC21slim.xsd"
    xmlns="http://www.loc.gov/MARC21/slim">
<record>
  <leader>00262cam a2200505 i 4500</leader>
  <controlfield tag="001">b12620087</controlfield>
  <controlfield tag="003">LeBAU</controlfield>
  <controlfield tag="005">20170116</controlfield>
  <controlfield tag="008">970830s1910    ua       b    000 f ara d</controlfield>
  <datafield tag="035" ind1=" " ind2=" ">
    <subfield code="a">ocn784430361</subfield>
  </datafield>
  <datafield tag="040" ind1=" " ind2=" ">
    <subfield code="a">LEAUB</subfield>
    <subfield code="b">ara</subfield>
    <subfield code="e">rda</subfield>
    <subfield code="c">LEAUB</subfield>
    <subfield code="d">LEAUB</subfield>
  </datafield>
  <datafield tag="082" ind1="0" ind2="4">
    <subfield code="a">892.78</subfield>
    <subfield code="2">22</subfield>
  </datafield>
  <datafield tag="100" ind1="1" ind2=" ">
    <subfield code="6">880-01</subfield>
    <subfield code="a">Zaydān, Jirjī,</subfield>
    <subfield code="d">1861-1914,</subfield>
    <subfield code="e">author.</subfield>
  </datafield>
  <datafield tag="245" ind1="1" ind2="0">
    <subfield code="6">880-02</subfield>
    <subfield code="a">ʻAbd al-Raḥmān al-Nāṣir :</subfield>
    <subfield code="b">riwāyah tārīkhīyah gharāmīyah /</subfield>
    <subfield code="c">ta’līf Jirjī Zaydān, munshi’ al-Hilāl.</subfield>
  </datafield>
  <datafield tag="264" ind1=" " ind2="1">
    <subfield code="6">880-03</subfield>
    <subfield code="a">al-Fajjālah, Miṣr :</subfield>
    <subfield code="b">Maṭba‘at al-Hilāl,</subfield>
    <subfield code="c">1910.</subfield>
  </datafield>
  <datafield tag="300" ind1=" " ind2=" ">
    <subfield code="6">880-04</subfield>
    <subfield code="a">180 pages ;</subfield>
    <subfield code="c">23 cm.</subfield>
  </datafield>
  <datafield tag="336" ind1=" " ind2=" ">
    <subfield code="a">text</subfield>
    <subfield code="b">txt</subfield>
    <subfield code="2">rdacontent</subfield>
  </datafield>
  <datafield tag="337" ind1=" " ind2=" ">
    <subfield code="a">unmediated</subfield>
    <subfield code="b">n</subfield>
    <subfield code="2">rdamedia</subfield>
  </datafield>
  <datafield tag="338" ind1=" " ind2=" ">
    <subfield code="a">volume</subfield>
    <subfield code="b">nc</subfield>
    <subfield code="2">rdacarrier</subfield>
  </datafield>
  <datafield tag="490" ind1="1" ind2=" ">
    <subfield code="6">880-05</subfield>
    <subfield code="a">Riwāyāt tārīkh al-Islām ;</subfield>
    <subfield code="v">al-ḥalaqah al-rābi‘ah ‘asharah</subfield>
  </datafield>
  <datafield tag="504" ind1=" " ind2=" ">
    <subfield code="a">يتضمن مراجع ببليوغرافية.</subfield>
  </datafield>
  <datafield tag="520" ind1="2" ind2=" ">
    <subfield code="a">"هي الحلقة الرابعة عشرة من سلسلة روايات تاريخ الإسلام وتشتمل على وصف بلاد الأندلس وحضارتها وعادات أهلها في زمن الخليفة عبد الرحمن الناصر الأموي (من سنة 300-350 هـ.) وما بلغت إليه دولته من المنعة والسيادة وما بناه من القصور الفخيمة وكيف كان يحتفل بإستقبال وفود ملوك أوربا بالهدايا وما كان من خروج إبنه عبد الله يطلب ولاية العهد لنفسه دون أخيه الحكم الخ."</subfield>
  </datafield>
  <datafield tag="600" ind1="0" ind2="4">
    <subfield code="a">عبدالرحمن</subfield>
    <subfield code="b">الثالث</subfield>
    <subfield code="c">خليفة قرطبة،</subfield>
    <subfield code="d">891-961</subfield>
    <subfield code="v">قصة.</subfield>
  </datafield>
  <datafield tag="600" ind1="0" ind2="0">
    <subfield code="a">ʻAbd al-Raḥmān</subfield>
    <subfield code="b">III,</subfield>
    <subfield code="c">Caliph of Cordova,</subfield>
    <subfield code="d">891-961</subfield>
    <subfield code="v">Fiction.</subfield>
  </datafield>
  <datafield tag="651" ind1=" " ind2="4">
    <subfield code="a">الاندلس (اسبانيا)</subfield>
    <subfield code="x">الحضارة</subfield>
    <subfield code="v">قصة.</subfield>
  </datafield>
  <datafield tag="651" ind1=" " ind2="4">
    <subfield code="a">الاندلس (اسبانيا)</subfield>
    <subfield code="x">تاريخ</subfield>
    <subfield code="v">قصة.</subfield>
  </datafield>
  <datafield tag="651" ind1=" " ind2="0">
    <subfield code="a">Andalusia (Spain)</subfield>
    <subfield code="x">Civilization</subfield>
    <subfield code="v">Fiction.</subfield>
  </datafield>
  <datafield tag="651" ind1=" " ind2="0">
    <subfield code="a">Andalusia (Spain)</subfield>
    <subfield code="x">History</subfield>
    <subfield code="v">Fiction.</subfield>
  </datafield>
  <datafield tag="655" ind1=" " ind2="4">
    <subfield code="a">رواية.</subfield>
  </datafield>
  <datafield tag="655" ind1=" " ind2="0">
    <subfield code="a">Novel.</subfield>
  </datafield>
  <datafield tag="775" ind1="0" ind2=" ">
    <subfield code="6">880-06</subfield>
    <subfield code="t">ʻAbd al-Raḥmān al-Nāṣir : riwāyah tārīkhīyah</subfield>
    <subfield code="d">Bayrūt : Dār Maktabat al-Ḥayāh, [1960?</subfield>
    <subfield code="w">b12561629</subfield>
    <subfield code="w">(OCoLC)784407090</subfield>
  </datafield>
  <datafield tag="830" ind1=" " ind2="0">
    <subfield code="6">880-07</subfield>
    <subfield code="a">Riwāyāt tārīkh al-Islām ;</subfield>
    <subfield code="v">14.</subfield>
  </datafield>
  <datafield tag="852" ind1=" " ind2=" ">
    <subfield code="a">Jafet Library</subfield>
    <subfield code="e">American University of Beirut, Bliss Street , Beirut, Lebanon.</subfield>
  </datafield>
  <datafield tag="880" ind1="1" ind2=" ">
    <subfield code="6">100-01/(3/r</subfield>
    <subfield code="a">زيدان، جرجي،</subfield>
    <subfield code="d">1861-1914،</subfield>
    <subfield code="e">مؤلف. </subfield>
    <subfield code="4">aut.</subfield>
  </datafield>
  <datafield tag="880" ind1="1" ind2="0">
    <subfield code="6">245-02/(3/r</subfield>
    <subfield code="a">عبد الرحمن الناصر :</subfield>
    <subfield code="b">رواية تاريخية غرامية /</subfield>
    <subfield code="c">تأليف جرجي زيدان، منشئ الهلال.</subfield>
  </datafield>
  <datafield tag="880" ind1=" " ind2="1">
    <subfield code="6">264-03/(3/r</subfield>
    <subfield code="a">الفجالة، مصر :</subfield>
    <subfield code="b">مطبعة الهلال،</subfield>
    <subfield code="c">1910.</subfield>
  </datafield>
  <datafield tag="880" ind1=" " ind2=" ">
    <subfield code="6">300-04/(3/r</subfield>
    <subfield code="a">180 صفحة ؛</subfield>
    <subfield code="c">23 سم.</subfield>
  </datafield>
  <datafield tag="880" ind1="1" ind2=" ">
    <subfield code="6">490-05/(3/r</subfield>
    <subfield code="a">روايات تاريخ الاسلام ؛</subfield>
    <subfield code="v">الحلقة الرابعة عشرة</subfield>
  </datafield>
  <datafield tag="880" ind1="0" ind2=" ">
    <subfield code="6">775-06/(3/r</subfield>
    <subfield code="t">بد الرحمن الناصر : رواية تاريخية</subfield>
    <subfield code="d">بيروت : دار مكتبة الحياة، [1960؟]</subfield>
  </datafield>
  <datafield tag="880" ind1=" " ind2="0">
    <subfield code="6">830-07/(3/r</subfield>
    <subfield code="a">روايات تاريخ الاسلام ؛</subfield>
    <subfield code="v">14.</subfield>
  </datafield>
  <datafield tag="907" ind1=" " ind2=" ">
    <subfield code="a">.b12620087</subfield>
    <subfield code="b">17-01-20</subfield>
    <subfield code="c">11-05-24</subfield>
  </datafield>
  <datafield tag="907" ind1=" " ind2=" ">
    <subfield code="a">.b12620087</subfield>
    <subfield code="b">15-10-15</subfield>
    <subfield code="c">11-05-24</subfield>
  </datafield>
  <datafield tag="945" ind1=" " ind2=" ">
    <subfield code="f">J</subfield>
    <subfield code="a">892.78:Z39abc2A:c.1</subfield>
    <subfield code="i">01044335</subfield>
    <subfield code="j">.i13140012</subfield>
    <subfield code="l">u0503</subfield>
  </datafield>
  <datafield tag="945" ind1=" " ind2=" ">
    <subfield code="f">J</subfield>
    <subfield code="a">892.78:Z39abc2A:c.2</subfield>
    <subfield code="i">01044336</subfield>
    <subfield code="j">.i13140024</subfield>
    <subfield code="l">u0503</subfield>
  </datafield>
  <datafield tag="998" ind1=" " ind2=" ">
    <subfield code="a">u05</subfield>
    <subfield code="b">97-08-30</subfield>
    <subfield code="c">m</subfield>
    <subfield code="d">a</subfield>
    <subfield code="e">-</subfield>
    <subfield code="f">ara</subfield>
    <subfield code="g">ua </subfield>
    <subfield code="h">0</subfield>
    <subfield code="i">2</subfield>
  </datafield>
</record>
</collection>
